% Encoding: UTF-8

@Article{Russel2003,
  author  = {{Russel W B}},
  title   = {Condensed-matter physics: tunable colloidal crystals},
  journal = {Nature},
  year    = {2003},
  volume  = {421},
  number  = {6922},
  pages   = {490-491},
  doi     = {10.1038/421490a},
}
,
  title   = {Condensed-matter physics: Tunable colloidal crystals},
  journal = {Nature},
  year    = {2003},
  volume  = {421},
  number  = {6922},
  pages   = {490-491},
  doi     = {10.1038/421490a},
}

@Article{Anderson2002,
  author  = {{Anderson V J} and {Lekkerkerker, H N W}},
  title   = {Insights into phase transition kinetics from colloid science},
  journal = {Nature},
  year    = {2002},
  volume  = {416},
  number  = {6883},
  pages   = {811-815},
  doi     = {10.1038/416811a},
}

@Article{Luo2010,
  author  = {{Luo J} and {Qu D} and {Tikhonov A} and {Bohn J} and {Asher S A}},
  title   = {Monodisperse, high refractive index, highly charged ZnS colloids self assemble into crystalline colloidal arrays},
  journal = {Journal of Colloid and Interface Science},
  year    = {2010},
  volume  = {345},
  number  = {2},
  pages   = {131-137},
  doi     = {10.1016/j.jcis.2010.02.002},
}

@Article{Yethiraj2007,
  author  = {{Yethiraj A}},
  title   = {Tunable colloids: control of colloidal phase transitions with tunable interactions},
  journal = {Soft Matter},
  year    = {2007},
  volume  = {3},
  number  = {9},
  pages   = {1099-1115},
  doi     = {10.1039/B704251P},
}

@Article{Yunker2014,
  author  = {{Yunker P J} and {Chen K} and {Gratale M D} and {Lohr M A} and {Still T} and {Yodh A G}},
  title   = {Physics in ordered and disordered colloidal matter composed of poly (N-isopropylacrylamide) microgel particles},
  journal = {Reports on Progress in Physics},
  year    = {2014},
  volume  = {77},
  number  = {5},
  pages   = {056601},
  doi     = {10.1088/0034-4885/77/5/056601},
}

@InBook{Wette2004,
  author    = {{Wette P} and {Sch{\"o}pe H J} and {Liu J} and {Palberg T}},
  title     = {Characterisation of colloidal solids},
  booktitle = {Trends in Colloid and Interface Science XVI},
  year      = {2004},
  editor    = {{Miguel M} and {Burrows H D}},
  publisher = {Springer},
  pages     = {264-268},
  doi       = {10.1007/978-3-540-36462-7_57},
  address   = {Berlin, Heidelberg},
}

@Article{Anderson2013,
  author  = {{Anderson D} and {Schaar D} and {Hentschel H G E} and {Hay J} and {Habdas P} and {Weeks E R}},
  title   = {Local elastic response measured near the colloidal glass transition},
  journal = {The Journal of Chemical Physics},
  year    = {2013},
  volume  = {138},
  number  = {12},
  pages   = {12A520},
  doi     = {10.1063/1.4773220},
}

@Article{Meng2014,
  author  = {{Meng G} and {Paulose J} and {Nelson D R} and {Manoharan V N}},
  title   = {Elastic instability of a crystal growing on a curved surface},
  journal = {Science},
  year    = {2014},
  volume  = {343},
  number  = {6171},
  pages   = {634--637},
  doi     = {10.1126/science.1244827},
}

@Article{Kung2004,
  author  = {{Kung W} and {Ziherl P} and {Kamien R D}},
  title   = {The foam analogy: from phases to elasticity},
  journal = {Journal of Colloid and Interface Science},
  year    = {2004},
  volume  = {275},
  number  = {2},
  pages   = {539-547},
  doi     = {10.1016/j.jcis.2004.03.009},
}

@Article{Crandall1977,
  author  = {{Crandall R S} and {Williams R}},
  title   = {Gravitational compression of crystallized suspensions of polystyrene spheres},
  journal = {Science},
  year    = {1977},
  volume  = {198},
  number  = {4314},
  pages   = {293-295},
  doi     = {10.1126/science.198.4314.293},
}

@Article{Wette2002,
  author  = {{Wette P} and {Sch{\"o}pe H J} and {Palberg T}},
  title   = {Comparison of colloidal effective charges from different experiments},
  journal = {The Journal of Chemical Physics},
  year    = {2002},
  volume  = {116},
  number  = {24},
  pages   = {10981-10988},
  doi     = {10.1063/1.1480010},
}
,
}

@Article{Zhou2013,
  author  = {{Zhou H} and {Xu S} and {Ouyang W} and {Sun Z} and {Liu L}},
  title   = {Influence of the surface charge on the homogeneity of colloidal crystals},
  journal = {The Journal of Chemical Physics},
  year    = {2013},
  volume  = {139},
  number  = {6},
  pages   = {064904},
  doi     = {10.1063/1.4815920},
}
,
}

@Article{Ouyang2014,
  author  = {{Ouyang W} and {Zhou H} and {Xu S} and {Sun Z}},
  title   = {Molecular dynamics study of homogeneous and inhomogeneous phase in charged colloids: The influence of surface charge density},
  journal = {Colloids and Surfaces A: Physicochemical and Engineering Aspects},
  year    = {2014},
  volume  = {441},
  pages   = {598-605},
  doi     = {10.1016/j.colsurfa.2013.10.013},
}

@Article{Tang2008,
  author  = {{Tang D} and {Marangoni A G}},
  title   = {Modified fractal model and rheological properties of colloidal networks},
  journal = {Journal of Colloid and Interface Science},
  year    = {2008},
  volume  = {318},
  number  = {2},
  pages   = {202-209},
  doi     = {10.1016/j.jcis.2007.09.062},
}

@Article{Wette2003,
  author  = {{Wette P} and {Sch{\"o}pe H J} and {Palberg T}},
  title   = {Experimental determination of effective charges in aqueous suspensions of colloidal spheres},
  journal = {Colloids and Surfaces A: Physicochemical and Engineering Aspects},
  year    = {2003},
  volume  = {222},
  number  = {1–3},
  pages   = {311-321},
  note    = {A collection of papers presented at the International Symposium on Electrokinetic Phenomena, Cracow, Poland, August 18-22, 2003},
  issn    = {0927-7757},
  doi     = {10.1016/S0927-7757(03)00247-4},
}

@Article{Zhou2015,
  author  = {{Zhou H} and {Xu S} and {Sun Z} and {Zhu R}},
  title   = {Shear moduli in bcc-fcc structure transition of colloidal crystals},
  journal = {The Journal of Chemical Physics},
  year    = {2015},
  volume  = {143},
  number  = {14},
  pages   = {144903},
  doi     = {10.1063/1.4932684},
}
,
}

@Article{Schope2001,
  author  = {{Sch{\"o}pe H J} and {Palberg T}},
  title   = {A multipurpose instrument to measure the vitreous properties of charged colloidal solids},
  journal = {Journal of Colloid and Interface Science},
  year    = {2001},
  volume  = {234},
  number  = {1},
  pages   = {149-161},
  doi     = {10.1006/jcis.2000.7258},
}

@Article{Fuchs1936a,
  author  = {{Fuchs K}},
  title   = {A Quantum mechanical calculation of the elastic constants of monovalent metals},
  journal = {Proceedings of the Royal Society of London A: Mathematical, Physical and Engineering Sciences},
  year    = {1936},
  volume  = {153},
  number  = {880},
  pages   = {622-639},
  issn    = {0080-4630},
  doi     = {10.1098/rspa.1936.0027},
}

@Article{Fuchs1936,
  author  = {{Fuchs K}},
  title   = {The elastic constants and specific heats of the alkali metals},
  journal = {Proceedings of the Royal Society of London A: Mathematical, Physical and Engineering Sciences},
  year    = {1936},
  volume  = {157},
  number  = {891},
  pages   = {444-450},
  doi     = {10.1098/rspa.1936.0207},
}

@Article{Johnson1972,
  author  = {{Johnson R A}},
  title   = {Relationship between two-body interatomic potentials in a lattice model and elastic constants},
  journal = {Physical Review B},
  year    = {1972},
  volume  = {6},
  number   = {6},
  pages   = {2094-2100},
  doi     = {10.1103/PhysRevB.6.2094},
}

@Article{Dubois-Violette1980,
  author  = {{Dubois-Violette E} and {Pieranski P} and {Rothen F} and {Strzelecki L}},
  title   = {Shear waves in colloidal crystals : I. determination of the elastic modulus},
  journal = {Journal de Physique},
  year    = {1980},
  volume  = {41},
  number  = {4},
  pages   = {369-376},
  doi     = {10.1051/jphys:01980004104036900},
}

@Article{Joanny1979,
  author  = {{Joanny J F}},
  title   = {Acoustic shear waves in colloidal crystals},
  journal = {Journal of Colloid and Interface Science},
  year    = {1979},
  volume  = {71},
  number  = {3},
  pages   = {622-624},
  issn    = {0021-9797},
  doi     = {10.1016/0021-9797(79)90336-9},
}

@Article{Yoshida1991,
  author  = {{Yoshida H} and {Ito K} and {Ise N}},
  title   = {Localized ordered structure in polymer latex suspensions as studied by a confocal laser scanning microscope},
  journal = {Physical Review B},
  year    = {1991},
  volume  = {44},
  number   = {1},
  pages   = {435-438},
  doi     = {10.1103/PhysRevB.44.435},
}

@Article{Zhou2011,
  author  = {{Zhou H} and {Xu S} and {Sun Z} and {Du X} and {Liu L}},
  title   = {Kinetics study of crystallization with the disorder–bcc–fcc phase transition of charged colloidal dispersions},
  journal = {Langmuir},
  year    = {2011},
  volume  = {27},
  number  = {12},
  pages   = {7439-7445},
  doi     = {10.1021/la200407h},
}
,
}

@Article{Tata2015,
  author  = {{Tata B V R} and {Joshi R G} and {Sogami I S}},
  title   = {Long-range attraction between like-charged colloids: simulations and microgravity experiments},
  journal = {International Journal of Microgravity Science and Application},
  year    = {2015},
  volume  = {32},
  number  = {2},
  pages   = {320209},
  doi     = {10.15011/ijmsa.32.320209},
}

@Article{Hashin1962,
  author  = {{Hashin Z} and {Shtrikman S}},
  title   = {A variational approach to the theory of the elastic behaviour of polycrystals},
  journal = {Journal of the Mechanics and Physics of Solids},
  year    = {1962},
  volume  = {10},
  number  = {4},
  pages   = {343-352},
  doi     = {10.1016/0022-5096(62)90005-4},
}

@Article{Zeller1973,
  author  = {{Zeller R} and {Dederichs P H}},
  title   = {Elastic Constants of Polycrystals},
  journal = {physica status solidi (b)},
  year    = {1973},
  volume  = {55},
  number  = {2},
  pages   = {831-842},
  doi     = {10.1002/pssb.2220550241},
}

@Article{Schope1998,
  author  = {{Sch{\"o}pe H J} and {Decker T} and {Palberg T}},
  title   = {Response of the elastic properties of colloidal crystals to phase transitions and morphological changes},
  journal = {The Journal of Chemical Physics},
  year    = {1998},
  volume  = {109},
  number  = {22},
  pages   = {10068-10074},
  doi     = {10.1063/1.477675},
}

@Article{Desgranges2007,
  author  = {{Desgranges C} and {Delhommelle J}},
  title   = {Polymorph selection during the crystallization of Yukawa systems},
  journal = {The Journal of Chemical Physics},
  year    = {2007},
  volume  = {126},
  number  = {5},
  pages   = {054501},
  doi     = {10.1063/1.2431808},
}

@Article{Royall2003,
  author  = {{Royall C P} and {Leunissen M E} and {van Blaaderen A}},
  title   = {A new colloidal model system to study long-range interactions quantitatively in real space},
  journal = {Journal of Physics: Condensed Matter},
  year    = {2003},
  volume  = {15},
  number  = {48},
  pages   = {S3581},
  doi     = {10.1088/0953-8984/15/48/017},
}

@Article{Yoshida1995,
  author  = {{Yoshida H} and {Ise N} and {Hashimoto T}},
  title   = {Void structure and vapor–liquid condensation in dilute deionized colloidal dispersions},
  journal = {The Journal of Chemical Physics},
  year    = {1995},
  volume  = {103},
  number  = {23},
  pages   = {10146-10151},
  doi     = {10.1063/1.469916},
}

@Article{Yoshida1999,
  author  = {{Yoshida H} and {Yamanaka J} and {Koga T} and {Koga T} and {Ise N} and {Hashimoto T}},
  title   = {Transitions between Ordered and Disordered Phases and Their Coexistence in Dilute Ionic Colloidal Dispersions},
  journal = {Langmuir},
  year    = {1999},
  volume  = {15},
  number  = {8},
  pages   = {2684-2702},
  doi     = {10.1021/la981316b},
}

@Article{Ise1999,
  author  = {{Ise N} and {Konishi T} and {Tata B V R}},
  title   = {How homogeneous are “homogeneous dispersions”? Counterion-mediated attraction between like-charged species},
  journal = {Langmuir},
  year    = {1999},
  volume  = {15},
  number  = {12},
  pages   = {4176-4184},
  doi     = {10.1021/la981088l},
}

@Article{Tata1996,
  author  = {{Tata B V R} and {Ise N}},
  title   = {Homogeneous to inhomogeneous transition in charged colloids},
  journal = {Physical Review B},
  year    = {1996},
  volume  = {54},
  number   = {9},
  pages   = {6050-6053},
  doi     = {10.1103/PhysRevB.54.6050},
}

@Article{Stevens1996,
  author  = {{Stevens M J} and {Falk M L} and {Robbins M O}},
  title   = {Interactions between charged spherical macroions},
  journal = {The Journal of Chemical Physics},
  year    = {1996},
  volume  = {104},
  number  = {13},
  pages   = {5209-5219},
  doi     = {10.1063/1.471148},
}

@Article{Sogami1984,
  author  = {{Sogami I} and {Ise N}},
  title   = {On the electrostatic interaction in macroionic solutions},
  journal = {The Journal of Chemical Physics},
  year    = {1984},
  volume  = {81},
  number  = {12},
  pages   = {6320-6332},
  doi     = {10.1063/1.447541},
}

@Article{Tata1998,
  author  = {{Tata B V R} and {Ise N}},
  title   = {Monte Carlo study of structural ordering in charged colloids using a long-range attractive interaction},
  journal = {Physical Review E},
  year    = {1998},
  volume  = {58},
  number   = {2},
  pages   = {2237-2246},
  doi     = {10.1103/PhysRevE.58.2237},
}

@Article{Okubo1996,
  author  = {{Okubo T}},
  title   = {Importance of electrical double layers in structural and diffusional properties of deionized colloidal suspensions},
  journal = {Colloids and Surfaces A: Physicochemical and Engineering Aspects},
  year    = {1996},
  volume  = {109},
  pages   = {77-88},
  doi     = {10.1016/0927-7757(96)03475-9},
}

@Article{Anderson2001,
  author  = {{Anderson V J} and {Terentjev E M} and {Meeker S P} and {Crain J} and {Poon, W C K}},
  title   = {Cellular solid behaviour of liquid crystal colloids 1. Phase separation and morphology},
  journal = {The European Physical Journal E},
  year    = {2001},
  volume  = {4},
  number  = {1},
  pages   = {11-20},
  doi     = {10.1007/PL00013680},
}

@Article{Anderson2001a,
  author  = {{Anderson V J} and {Terentjev E M}},
  title   = {Cellular solid behaviour of liquid crystal colloids 2. Mechanical properties},
  journal = {The European Physical Journal E},
  year    = {2001},
  volume  = {4},
  number  = {1},
  pages   = {21-28},
  doi     = {10.1007/s101890170138},
}

@Article{Ashby1983,
  author  = {{Ashby M F} and {Medalist R F M}},
  title   = {The mechanical properties of cellular solids},
  journal = {Metallurgical Transactions A},
  year    = {1983},
  volume  = {14},
  number  = {9},
  pages   = {1755-1769},
  doi     = {10.1007/BF02645546},
}

@Book{Gibson1997,
  author    = {{Gibson L J} and {Ashby M F}},
  title     = {Cellular Solids: structure and properties},
  year      = {1997},
  edition   = {2},
  publisher = {Cambridge University Press},
  doi       = {10.1017/CBO9781139878326},
  address   = {Cambridge},
}

@Article{Nieh1998,
  author  = {{Nieh T G} and {Kinney J H} and {Wadsworth J} and {Ladd A J C}},
  title   = {Morphology and elastic properties of aluminum foams produced by a casting technique},
  journal = {Scripta Materialia},
  year    = {1998},
  volume  = {38},
  number  = {10},
  pages   = {1487-1494},
  doi     = {10.1016/S1359-6462(98)00090-6},
}

@Article{Debord2003,
  author  = {{Debord S B} and {Lyon L A}},
  title   = {Influence of particle volume fraction on packing in responsive hydrogel colloidal crystals},
  journal = {The Journal of Physical Chemistry B},
  year    = {2003},
  volume  = {107},
  number  = {13},
  pages   = {2927-2932},
  doi     = {10.1021/jp026783n},
}

@Article{Du2012,
  author  = {{Du X} and {Xu S-H} and {Sun Z-W} and {Liu L}},
  title   = {Influence of sedimentation on crystallization of charged colloidal particles},
  journal = {Chinese Journal of Chemical Physics},
  year    = {2012},
  volume  = {25},
  number  = {3},
  pages   = {318-324},
  doi     = {10.1088/1674-0068/25/03/318-324},
}

@Article{Siekmann2002,
  author  = {{Siekmann B} and {Bunjes H} and {Koch M H J} and {Westesen K}},
  title   = {Preparation and structural investigations of colloidal dispersions prepared from cubic monoglyceride–water phases},
  journal = {International Journal of Pharmaceutics},
  year    = {2002},
  volume  = {244},
  number  = {1–2},
  pages   = {33-43},
  doi     = {10.1016/S0378-5173(02)00298-3},
}

@Article{Okubo1989,
  author  = {{Okubo T}},
  title   = {Elastic modulus of crystal-like structures of deionized colloidal spheres in sedimentation equilibrium as studied by the reflection-spectrum method},
  journal = {Journal of the Chemical Society, Faraday Transactions 1: Physical Chemistry in Condensed Phases},
  year    = {1989},
  volume  = {85},
  number   = {2},
  pages   = {455-466},
  doi     = {10.1039/F19898500455},
}

@Article{Zhou2011a,
  author  = {{Zhou H} and {Xu S} and {Sun Z} and {Du X} and {Xie J}},
  title   = {Rapid determination of colloidal crystal's structure by reflection spectrum},
  journal = {Colloids and Surfaces A: Physicochemical and Engineering Aspects},
  year    = {2011},
  volume  = {375},
  number  = {1–3},
  pages   = {50-54},
  doi     = {10.1016/j.colsurfa.2010.11.051},
}

@Article{Gong2001,
  author  = {{Gong Y-K} and {Nakashima K} and {Xu R}},
  title   = {A novel method to determine effective charge of polystyrene latex particles in aqueous dispersion},
  journal = {Langmuir},
  year    = {2001},
  volume  = {17},
  number  = {9},
  pages   = {2889-2892},
  doi     = {10.1021/la001483n},
}

@Article{Hessinger2000,
  author  = {{Hessinger D} and {Evers M} and {Palberg T}},
  title   = {Independent ion migration in suspensions of strongly interacting charged colloidal spheres},
  journal = {Physical Review E},
  year    = {2000},
  volume  = {61},
  number   = {5},
  pages   = {5493-5506},
  doi     = {10.1103/PhysRevE.61.5493},
}

@Article{Varney1960,
  author  = {{Varney R N}},
  title   = {Mobility of hydrogen ions},
  journal = {Physcal Review Letter},
  year    = {1960},
  volume  = {5},
  number   = {12},
  pages   = {559-560},
  doi     = {10.1103/PhysRevLett.5.559},
}

@Article{Wang1988,
  author  = {{Wang C P}},
  title   = {Laser Doppler velocimetry},
  journal = {Journal of Quantitative Spectroscopy and Radiative Transfer},
  year    = {1988},
  volume  = {40},
  number  = {3},
  pages   = {309-319},
  doi     = {10.1016/0022-4073(88)90122-7},
}

@Article{Lindsay1982,
  author  = {{Lindsay H M} and {Chaikin P M}},
  title   = {Elastic properties of colloidal crystals and glasses},
  journal = {The Journal of Chemical Physics},
  year    = {1982},
  volume  = {76},
  number  = {7},
  pages   = {3774-3781},
  doi     = {10.1063/1.443417},
}

@Article{Joanicot1984,
  author  = {{Joanicot M} and {Jorand M} and {Pi{\'e}ranski P} and {Rothen, F}},
  title   = {Shear waves in colloidal crystals : II. effects of finite height in cylindrical samples},
  journal = {Journal de Physique},
  year    = {1984},
  volume  = {45},
  number  = {9},
  pages   = {1413-1421},
  doi     = {10.1051/jphys:019840045090141300},
}

@Article{Denton2010,
  author  = {{Denton A R}},
  title   = {Poisson–Boltzmann theory of charged colloids: limits of the cell model for salty suspensions},
  journal = {Journal of Physics: Condensed Matter},
  year    = {2010},
  volume  = {22},
  number  = {36},
  pages   = {364108},
  doi     = {10.1088/0953-8984/22/36/364108},
}

@Article{米利2013,
  author  = {米利 and 周宏伟 and 孙祉伟 and 刘丽霞 and 徐升华},
  title   = {光散射聚集速率测定中\emph{T}矩阵方法的应用},
  journal = {物理学报},
  year    = {2013},
  volume  = {62},
  number  = {13},
  pages   = {134704},
  doi     = {10.7498/aps.62.134704},
}

@Article{Alexander1984,
  author  = {{Alexander S} and { Chaikin P M} and {Grant P} and {Morales G J} and {Pincus P} and {Hone D}},
  title   = {Charge renormalization, osmotic pressure, and bulk modulus of colloidal crystals: theory},
  journal = {The Journal of Chemical Physics},
  year    = {1984},
  volume  = {80},
  number  = {11},
  pages   = {5776-5781},
  doi     = {10.1063/1.446600},
}

@Article{Grosse2000,
  author  = {{Grosse C} and {Shilov V N}},
  title   = {Conductivity, permittivity, and characteristic time of colloidal suspensions in weak electrolyte solutions},
  journal = {Journal of Colloid and Interface Science},
  year    = {2000},
  volume  = {225},
  number  = {2},
  pages   = {340-348},
  doi     = {http://dx.doi.org/10.1006/jcis.2000.6750},
}

@Article{Palberg2013,
  author  = {{Palberg T} and {Schweinfurth H} and {K{\"o}ller T} and {M{\"u}ller H} and {Sch{\"o}pe H J} and {Reinm{\"u}ller A}},
  title   = {Structure and transport properties of charged sphere suspensions in (local) electric fields},
  journal = {The European Physical Journal Special Topics},
  year    = {2013},
  volume  = {222},
  number  = {11},
  pages   = {2835-2853},
  doi     = {10.1140/epjst/e2013-02061-4},
}

@Article{Ito1992,
  author  = {{Ito K} and {Sumaru K} and {Ise N}},
  title   = {Elastic properties of colloidal crystals},
  journal = {Physical Review B},
  year    = {1992},
  volume  = {46},
  number   = {5},
  month   = {Aug},
  pages   = {3105-3107},
  doi     = {10.1103/PhysRevB.46.3105},
}

@Article{Belloni1998,
  author  = {{Belloni L}},
  title   = {Ionic condensation and charge renormalization in colloidal suspensions},
  journal = {Colloids and Surfaces A: Physicochemical and Engineering Aspects},
  year    = {1998},
  volume  = {140},
  number  = {1–3},
  pages   = {227 - 243},
  doi     = {10.1016/S0927-7757(97)00281-1},
}

@Article{Shapran2005,
  author  = {{Shapran L} and {Medebach M} and {Wette P} and {Palberg T} and {Sch{\"o}pe H J} and {Horbach J} and {Kreer T} and {Chatterji A}},
  title   = {Qualitative characterisation of effective interactions of charged spheres on different levels of organisation using Alexander’s renormalised charge as reference},
  journal = {Colloids and Surfaces A: Physicochemical and Engineering Aspects},
  year    = {2005},
  volume  = {270–271},
  pages   = {220-225},
  doi     = {http://dx.doi.org/10.1016/j.colsurfa.2005.06.002},
}

@Article{Wang1994,
  author  = {{Wang Q} and {Fu S} and {Yu T}x},
  title   = {Emulsion polymerization},
  journal = {Progress in Polymer Science},
  year    = {1994},
  volume  = {19},
  number  = {4},
  pages   = {703-753},
  doi     = {10.1016/0079-6700(94)90031-0},
}

@Article{Shouldice1994,
  author  = {{Shouldice G T D} and {Vandezande G A} and {Rudin A}},
  title   = {Practical aspects of the emulsifier-free emulsion polymerization of styrene},
  journal = {European Polymer Journal},
  year    = {1994},
  volume  = {30},
  number  = {2},
  pages   = {179-183},
  doi     = {/10.1016/0014-3057(94)90157-0},
}

@Article{Goldburg1999,
  author  = {{Goldburg W I}},
  title   = {Dynamic light scattering},
  journal = {American Journal of Physics},
  year    = {1999},
  volume  = {67},
  number  = {12},
  pages   = {1152-1160},
  doi     = {10.1119/1.19101},
}

@Article{Xiong2012,
  author  = {{Xiong B} and {Pallandre A} and {le Potier I} and {Audebert P} and {Fattal E} and {Tsapis N} and {Barratt G} and {Taverna M}},
  title   = {Electrophoretic mobility measurement by laser Doppler velocimetry and capillary electrophoresis of micrometric fluorescent polystyrene beads},
  journal = {Analytical Methods},
  year    = {2012},
  volume  = {4},
  number   = {1},
  pages   = {183-189},
  doi     = {10.1039/C1AY05598D},
}

@Article{秦艳铭2015,
  author  = {秦艳铭 and 周宏伟 and 徐升华 and 孙祉伟},
  title   = {胶体晶体剪切模量的影响因素},
  journal = {高等学校化学学报},
  year    = {2015},
  volume  = {36},
  number  = {2},
  pages   = {310-315},
  doi     = {10.7503/cjcu20140959},
}

@Article{Trizac2003,
  author  = {{Trizac E} and {Bocquet L} and {Aubouy M} and {von Gr{\"u}nberg H H}},
  title   = {Alexander's prescription for colloidal charge renormalization},
  journal = {Langmuir},
  year    = {2003},
  volume  = {19},
  number  = {9},
  pages   = {4027-4033},
  doi     = {10.1021/la027056m},
}

@Comment{jabref-meta: databaseType:biblatex;}
